@article{vera2019online,
  title={The Bayesian Prophet: A Low-Regret Framework for Online Decision Making},
  author={Vera, Alberto and Banerjee, Siddhartha},
 journal={Management Science},
 year={2020},
 publisher={INFORMS}
}
