@incollection{banerjee2019ride,
  title={Ride Sharing},
  author={Banerjee, Siddhartha and Johari, Ramesh},
  booktitle={Sharing Economy},
  pages={73--97},
  year={2019},
  publisher={Springer}
}