@inproceedings{gorokh2017monetary,
 author = {Gorokh, Artur and Banerjee, Siddhartha and Iyer, Krishnamurthy},
 booktitle = {Proceedings of the 2017 ACM Conference on Economics and Computation},
 series = {EC '17},
 title = {From Monetary to Non-Monetary Mechanism Design via Artificial Currencies},
 year = {2017}
}

