@article{RBGSY12,
 author = {Reddy, A.A. and Banerjee, S. and Gopalan, A. and Shakkottai, S. and Ying, L.},
 journal = {Queueing Systems},
 publisher = {Springer},
 title = {On distributed scheduling with heterogeneously delayed network-state information},
 year = {2012}
}

