@inproceedings{sinclair2021fairness,
  title={Sequential Fair Allocation: Achieving the Optimal Envy-Efficiency Tradeoff Curve},
  author={Sinclair, Sean R and Banerjee, Siddhartha and Yu, Christina Lee},
  booktitle={Abstracts of the 2022 SIGMETRICS/Performance Joint International Conference on Measurement and Modeling of Computer Systems},
  year={2022}
}