@article{banerjee12towards,
 author = {Banerjee, Siddhartha and Gupta, Piyush and Shakkottai, Sanjay},
 journal = {Queueing Systems},
 publisher = {Springer},
 title = {Towards a queueing-based framework for in-network function computation},
 year = {2012}
}

