@inproceedings{BHM12,
 author = {Banerjee, S. and Hegde, N. and Massouli√©, L.},
 booktitle = {Proceedings of the 50th Allerton Conference},
 title = {The Price of Privacy in Untrusted Recommendation Engines},
 year = {2012}
}

