@article{gorokh2020nonmonetary,
  title={From Monetary to Non-Monetary Mechanism Design via Artificial Currencies},
  author={Gorokh, Artur and Banerjee, Siddhartha and Iyer, Krishnamurthy},
 journal={Mathematics of Operations Research},
 year={2020},
 publisher={INFORMS}
}
