@article{alijani2019segmentation,
  title={The Segmentation-Thickness Tradeoff in Online Marketplaces},
  author={Alijani, Reza and Banerjee, Siddhartha and Gollapudi, Sreenivas and Kollias, Kostas and Munagala, Kamesh},
  journal={Proceedings of the ACM on Measurement and Analysis of Computing Systems},
  volume={3},
  number={1},
  pages={1--26},
  year={2019},
  publisher={ACM New York, NY, USA}
}