@inproceedings{sejourne2018price,
  title={The Price of Fragmentation in Mobility-on-Demand Services},
  author={S{\'e}journ{\'e}, Thibault and Samaranayake, Samitha and Banerjee, Siddhartha},
  booktitle={Abstracts of the 2018 ACM International Conference on Measurement and Modeling of Computer Systems},
  pages={14--16},
  year={2018}
}