@article{vera2019bellman,
  title={Online allocation and pricing: Constant regret via bellman inequalities},
  author={Vera, Alberto and Banerjee, Siddhartha and Gurvich, Itai},
 journal={Operations Research},
 year={2020},
 publisher={INFORMS}
}
