@article{hssaine2020satisficing,
  title={Satisficing Search and Algorithmic Price Competition},
  author={Hssaine, CHamsi and Banerjee, Siddhartha and Kamble, Vijay},
  journal={SSRN preprint SSRN_id:3544350},
  year={2020}
}