@article{SBV10,
 author = {Shamaiah, M. and Banerjee, S. and Vikalo, H.},
 booktitle = {IEEE Wireless Communications Letters},
 organization = {IEEE},
 title = {Greedy Sensor Selection under Channel Uncertainty},
 year = {2012}
}

