@inproceedings{vera2019bayesian,
  title={The Bayesian Prophet: A Low-Regret Framework for Online Decision Making},
  author={Vera, Alberto and Banerjee, Siddhartha},
  booktitle={Abstracts of the 2019 SIGMETRICS/Performance Joint International Conference on Measurement and Modeling of Computer Systems},
  pages={81--82},
  year={2019}
}