@inproceedings{banerjee2018state,
  title={State dependent control of closed queueing networks},
  author={Banerjee, Siddhartha and Kanoria, Yash and Qian, Pengyu},
  booktitle={Abstracts of the 2018 ACM International Conference on Measurement and Modeling of Computer Systems},
  year={2018}
}

