@inproceedings{banerjee2015fast,
 author = {Banerjee, Siddhartha and Lofgren, Peter},
 booktitle = {Advances in Neural Information Processing Systems},
 pages = {1423--1431},
 title = {Fast bidirectional probability estimation in markov models},
 year = {2015}
}

