@inproceedings{NBSS10,
 author = {Netrapalli, P. and Banerjee, S. and Sanghavi, S. and Shakkottai, S.},
 booktitle = {Proceedings of the 48th Allerton Conference},
 title = {Greedy learning of Markov network structure},
 year = {2010}
}

