@inproceedings{lofgren2016personalized,
  title={Personalized pagerank estimation and search: A bidirectional approach},
  author={Lofgren, Peter and Banerjee, Siddhartha and Goel, Ashish},
  booktitle={Proceedings of the Ninth ACM International Conference on Web Search and Data Mining},
  pages={163--172},
  year={2016}
}