@inproceedings{Das13,
 author = {A. K. Das and S. Banerjee and S. Vishwanath},
 booktitle = {IEEE Information Theory Workshop (ITW) 2013},
 title = {Linear network coding for multiple groupcast sessions: An interference alignment approach},
 year = {2013}
}

