@inproceedings{gorokh2016near,
 author = {Gorokh, Artur and Banerjee, Siddhartha and Iyer, Krishnamurthy},
 booktitle = {Proceedings of the 12th International Conference on Web and Internet Economics},
 series = {WINE '16},
 title = {Near-Efficient Allocation Using Artificial Currency in Repeated Settings},
 year = {2016}
}

