@inproceedings{gorokh2019scrip,
  title={The Remarkable Robustness of the Repeated Fisher Market},
  author={Gorokh, Artur and Banerjee, Siddhartha and Iyer, Krishnamurthy},
 booktitle = {Proceedings of the 2021 ACM Conference on Economics and Computation},
 series = {EC '21},
  year={2021}
}