@article{banerjee2016online,
  title={Online collaborative filtering on graphs},
  author={Banerjee, Siddhartha and Sanghavi, Sujay and Shakkottai, Sanjay},
  journal={Operations Research},
  volume={64},
  number={3},
  pages={756--769},
  year={2016},
  publisher={INFORMS}
}