@inproceedings{lofgren2015bidirectional,
	title={Bidirectional pagerank estimation: From average-case to worst-case},
	author={Lofgren, Peter and Banerjee, Siddhartha and Goel, Ashish},
	booktitle={International Workshop on Algorithms and Models for the Web-Graph},
	pages={164--176},
	year={2015},
	organization={Springer}
}
