@inproceedings{lofgren2014fast,
	title={FAST-PPR: scaling personalized pagerank estimation for large graphs},
	author={Lofgren, Peter A and Banerjee, Siddhartha and Goel, Ashish and Seshadhri, C},
	booktitle={Proceedings of the 20th ACM SIGKDD international conference on Knowledge discovery and data mining},
	pages={1436--1445},
	year={2014}
}