@inproceedings{sinclair2020adaptive,
  title={Adaptive Discretization for Episodic Reinforcement Learning in Metric Spaces},
  author={Sinclair, Sean R and Banerjee, Siddhartha and Yu, Christina Lee},
  booktitle={Abstracts of the 2020 SIGMETRICS/Performance Joint International Conference on Measurement and Modeling of Computer Systems},
  pages={17--18},
  year={2020}
}