@inproceedings{sinclair2020adaptive,
  title={Adaptive Discretization for Model-Based Reinforcement Learning"},
  author={Sinclair, Sean R and Wang, Tianyu and Jain, Gauri and Banerjee, Siddhartha and Yu, Christina Lee},
 booktitle = {Advances in Neural Information Processing Systems},
  year={2020}
}