@inproceedings{banerjee2021realtime,
  title={Real-Time Approximate Routing for Smart Transit Systems},
  author={Banerjee, Siddhartha and Hssaine, Chamsi and Perivier, Noemie and Samaranayake, Samitha},
  booktitle={Abstracts of the 2021 SIGMETRICS/Performance Joint International Conference on Measurement and Modeling of Computer Systems},
  year={2021}
}