@article{sinclair2019adaptive,
  title={Adaptive Discretization for Episodic Reinforcement Learning in Metric Spaces},
  author={Sinclair, Sean R and Banerjee, Siddhartha and Yu, Christina Lee},
  journal={Proceedings of the ACM on Measurement and Analysis of Computing Systems},
  volume={3},
  number={3},
  pages={1--44},
  year={2019},
  publisher={ACM New York, NY, USA}
}