@inproceedings{shyamkumar2016sublinear,
  title={Sublinear estimation of a single element in sparse linear systems},
  author={Shyamkumar, Nitin and Banerjee, Siddhartha and Lofgren, Peter},
  booktitle={2016 54th Annual Allerton Conference on Communication, Control, and Computing (Allerton)},
  pages={856--860},
  year={2016},
  organization={IEEE}
}