@inproceedings{Sid-WWW17,
 author = {Siddhartha Banerjee and
Sreenivas Gollapudi and
Kostas Kollias and
Kamesh Munagala},
 booktitle = {Proceedings of the 26th International Conference on World Wide Web,
WWW 2017, Perth, Australia, April 3-7, 2017},
 pages = {63--72},
 title = {Segmenting Two-Sided Markets},
 year = {2017}
}

