@inproceedings{Sid-Lyft,
 author = {Banerjee, Siddhartha and Johari, Ramesh and Riquelme, Carlos},
 booktitle = {Proceedings of the Sixteenth ACM Conference on Economics and Computation},
 pages = {639--639},
 series = {EC '15},
 title = {Pricing in Ride-Sharing Platforms: A Queueing-Theoretic Approach},
 year = {2015}
}

