@article{freund2021pricing,
 title = {Pricing and Optimization in Shared Vehicle Systems: An Approximation Framework},
 author = {Banerjee, Siddhartha and Freund, Daniel and Lykouris, Thodoris},
 journal={Operations Research},
 year={2021},
 publisher={INFORMS}
}


