@article{banerjee2015price,
  title={The price of privacy in untrusted recommender systems},
  author={Banerjee, Siddhartha and Hegde, Nidhi and Massouli{\'e}, Laurent},
  journal={IEEE Journal of Selected Topics in Signal Processing},
  volume={9},
  number={7},
  pages={1319--1331},
  year={2015},
  publisher={IEEE}
}