@article{hssaine2018information,
  title={Threshold Tests as Quality Signals: Optimal Strategies, Equilibria, and Price of Anarchy},
  author={Banerjee, Siddhartha and Kempe, David and Kleinberg, Robert},
  booktitle = {Proceedings of the 17th Conference on Web and Internet Economics},
 series = {WINE '21},
  year={2021}
}

