@inproceedings{banerjee2020uniform,
  title={Uniform Loss Algorithms for Online Stochastic Decision-Making With Applications to Bin Packing},
  author={Banerjee, Siddhartha and Freund, Daniel},
  booktitle={Abstracts of the 2020 SIGMETRICS/Performance Joint International Conference on Measurement and Modeling of Computer Systems},
  pages={1--2},
  year={2020}
}