@article{GBDC12,
 author = {Ganapathy, H. and Banerjee, S. and Dimitrov, N. B. and Caramanis, C.},
 journal = {IEEE Transactions on Signal Processing},
 title = {Feedback Allocation for OFDMA Systems With Slow Frequency-Domain Scheduling},
 year = {2012}
}

