@inproceedings{alijan2019segmentation,
  title={The Segmentation-Thickness Tradeoff in Online Marketplaces},
  author={Alijan, Reza and Banerjee, Siddhartha and Gollapud, Sreenivas and Kollias, Kostas and Munagala, Kamesh},
  booktitle={Abstracts of the 2019 SIGMETRICS/Performance Joint International Conference on Measurement and Modeling of Computer Systems},
  pages={31--32},
  year={2019}
}