@article{sejourne2018price,
  title={The price of fragmentation in mobility-on-demand services},
  author={S{\'e}journ{\'e}, Thibault and Samaranayake, Samitha and Banerjee, Siddhartha},
  journal={Proceedings of the ACM on Measurement and Analysis of Computing Systems},
  volume={2},
  number={2},
  pages={1--26},
  year={2018},
  publisher={ACM New York, NY, USA}
}