@inproceedings{alijani2020predict,
  title={Predict and Match: Prophet Inequalities with Uncertain Supply},
  author={Alijani, Reza and Banerjee, Siddhartha and Gollapudi, Sreenivas and Munagala, Kamesh and Wang, Kangning},
  booktitle={Abstracts of the 2020 SIGMETRICS/Performance Joint International Conference on Measurement and Modeling of Computer Systems},
  pages={13--14},
  year={2020}
}