@article{alijani2020limits,
  title={The Limits of an Information Intermediary in Auction Design},
  author={Alijani, Reza and Banerjee, Siddhartha and Munagala, Kamesh and Wang, Kangning},
  journal={aeXiv preprint arXiv:2009.11841},
  year={2020}
}