@article{hssaine2018information,
  title={Information signal design for incentivizing team formation},
  author={Hssaine, Chamsi and Banerjee, Siddhartha},
  booktitle = {Proceedings of the 14th International Conference on Web and Internet Economics},
 series = {WINE '18},
  year={2018}
}

