@article{banerjee2021realtime,
  title={Real-Time Approximate Routing for Smart Transit Systems},
  author={Banerjee, Siddhartha and Hssaine, Chamsi and Perivier, Noemie and Samaranayake, Samitha},
  journal={Proceedings of the ACM on Measurement and Analysis of Computing Systems},
  year={2021},
  publisher={ACM New York, NY, USA}
}