@article{banerjee2014epidemic,
  title={Epidemic spreading with external agents},
  author={Banerjee, Siddhartha and Gopalan, Aditya and Das, Abhik Kumar and Shakkottai, Sanjay},
  journal={IEEE Transactions on Information Theory},
  volume={60},
  number={7},
  pages={4125--4138},
  year={2014},
  publisher={IEEE}
}