@inproceedings{BCS14,
 author = {S. Banerjee and A.Chatterjee and S. Shakkottai},
 booktitle = {IEEE INFOCOM '14},
 title = {Epidemic thresholds with external agents},
 year = {2014}
}

