@article{Johari1,
 author = {Banerjee, Siddhartha and Johari, Ramesh and Zhou, Zhengyuan},
 issue_date = {January 2016},
 journal = {IEEE Internet Computing},
 number = {1},
 pages = {20--26},
 title = {The Importance of Exploration in Online Marketplaces},
 volume = {20},
 year = {2016}
}

