@article{alijani2020predict,
  title={Predict and Match: Prophet Inequalities with Uncertain Supply},
  author={Alijani, Reza and Banerjee, Siddhartha and Gollapudi, Sreenivas and Munagala, Kamesh and Wang, Kangning},
  journal={Proceedings of the ACM on Measurement and Analysis of Computing Systems},
  volume={4},
  number={1},
  pages={1--23},
  year={2020},
  publisher={ACM New York, NY, USA}
}