@inproceedings{PPS14,
 author = {S. Banerjee and A. Goel and A. K. Krishnaswamy},
 booktitle = {ACM EC '14},
 title = {Re-incentivizing discovery: Mechanisms for partial-progress sharing in research},
 year = {2014}
}

