@article{banerjee2022nsw,
	title={Online Nash Social Welfare Maximization with Predictions},
	author={Banerjee, Siddhartha and Gkatzelis, Vasilis and Gorokh, Artur and Jin, Billy},
booktitle={Proceedings of the 2022 ACM-SIAM Symposium on Discrete Algorithms (SODA)},
  organization={SIAM}
 }
