@inproceedings{krishnasamy2014behavior,
  title={The behavior of epidemics under bounded susceptibility},
  author={Krishnasamy, Subhashini and Banerjee, Siddhartha and Shakkottai, Sanjay},
  booktitle={ACM SIGMETRICS '14},
  year={2014},
  publisher={ACM New York, NY, USA}
}