@article{gorokh2018bribes,
 author = {Gorokh, Artur and Banerjee, Siddhartha and Iyer, Krishnamurthy},
 journal = {SSRN preprint SSRN_id:3125003},
 title = {When Bribes are Harmless: The Power and Limits of Collusion-Resilient Mechanism Design},
 year = {2018}
}

