@article{vera2018computing,
  title={Computing Constrained Shortest-Paths at Scale},
  author={Vera, Alberto and Banerjee, Siddhartha and Samaranayake, Samitha},
 journal={Operations Research},
 year={2020},
 publisher={INFORMS}
}

